<?xml version="1.0" encoding="UTF-8"?><record xmlns="http://www.loc.gov/MARC21/slim" xmlns:cinclude="http://apache.org/cocoon/include/1.0" xmlns:zs="http://www.loc.gov/zing/srw/">
  <leader>00442nz  a2200133n  4500</leader>
  <controlfield tag="001">n  84102756 </controlfield>
  <controlfield tag="003">DLC</controlfield>
  <controlfield tag="005">19880219155737.9</controlfield>
  <controlfield tag="008">841211n| acannaab|          |a aaa |||  </controlfield>
  <datafield tag="010" ind1=" " ind2=" ">
    <subfield code="a">n  84102756 </subfield>
  </datafield>
  <datafield tag="040" ind1=" " ind2=" ">
    <subfield code="a">DLC</subfield>
    <subfield code="c">DLC</subfield>
    <subfield code="d">DLC</subfield>
  </datafield>
  <datafield tag="100" ind1="1" ind2="0">
    <subfield code="a">Saṅkapāḷa, Bāpūjī,</subfield>
    <subfield code="d">1936-</subfield>
  </datafield>
  <datafield tag="400" ind1="0" ind2="0">
    <subfield code="a">Bāpūjī Saṅkapāḷa,</subfield>
    <subfield code="d">1936-</subfield>
  </datafield>
  <datafield tag="670" ind1=" " ind2=" ">
    <subfield code="a">His Bakharavāṅmaya, udgama āni vikāsa, 1982:</subfield>
    <subfield code="b">t.p. (Bāpūjī Saṅkapāḷa) data sheet (b. 1936)</subfield>
  </datafield>
</record>